<record><leader>00000cas a22000007a 4500</leader><controlfield tag="001">33901856</controlfield><controlfield tag="008">951213d19161923azuwr ne      0    0eng d</controlfield><datafield ind1=" " ind2=" " tag="010"><subfield code="a">sn 95060913 </subfield></datafield><datafield ind1=" " ind2=" " tag="040"><subfield code="a">ANN</subfield><subfield code="b">eng</subfield><subfield code="c">ANN</subfield><subfield code="d">DLC</subfield><subfield code="d">OCLCF</subfield><subfield code="d">OCLCO</subfield></datafield><datafield ind1="1" ind2=" " tag="029"><subfield code="a">AU@</subfield><subfield code="b">000012176309</subfield></datafield><datafield ind1=" " ind2=" " tag="042"><subfield code="a">msc</subfield></datafield><datafield ind1=" " ind2=" " tag="043"><subfield code="a">n-us-az</subfield></datafield><datafield ind1="0" ind2="4" tag="245"><subfield code="a">The Gila Valley farmer.</subfield></datafield><datafield ind1=" " ind2=" " tag="260"><subfield code="a">Pima, Graham County, Ariz. :</subfield><subfield code="b">Schardin-Burke Pub. Co.,</subfield></datafield><datafield ind1=" " ind2=" " tag="300"><subfield code="a">v.</subfield></datafield><datafield ind1=" " ind2=" " tag="310"><subfield code="a">Weekly</subfield></datafield><datafield ind1="0" ind2=" " tag="362"><subfield code="a">Vol. 1, no. 1 (Jan. 13, 1916)-</subfield></datafield><datafield ind1="1" ind2=" " tag="362"><subfield code="a">Ceased Apr. 1923.</subfield></datafield><datafield ind1=" " ind2=" " tag="500"><subfield code="a">Published in Safford, Ariz., Jan. 1920-Apr. 1923.</subfield></datafield><datafield ind1=" " ind2=" " tag="500"><subfield code="a">Publisher: E. Wilson, &lt;1919&gt;-  .</subfield></datafield><datafield ind1=" " ind2=" " tag="580"><subfield code="a">Merged with: Graham guardian (Safford, Ariz. : 1895), to form: Graham County guardian and Gila Valley farmer.</subfield></datafield><datafield ind1=" " ind2="0" tag="651"><subfield code="a">Safford (Ariz.)</subfield><subfield code="v">Newspapers.</subfield></datafield><datafield ind1=" " ind2="0" tag="651"><subfield code="a">Pima (Ariz.)</subfield><subfield code="v">Newspapers.</subfield></datafield><datafield ind1=" " ind2="0" tag="651"><subfield code="a">Graham County (Ariz.)</subfield><subfield code="v">Newspapers.</subfield></datafield><datafield ind1=" " ind2="7" tag="655"><subfield code="a">Newspapers.</subfield><subfield code="2">fast</subfield><subfield code="0">(OCoLC)fst01423814</subfield></datafield><datafield ind1=" " ind2="7" tag="651"><subfield code="a">Arizona</subfield><subfield code="z">Graham County.</subfield><subfield code="2">fast</subfield><subfield code="0">(OCoLC)fst01212049</subfield></datafield><datafield ind1=" " ind2="7" tag="651"><subfield code="a">Arizona</subfield><subfield code="z">Pima.</subfield><subfield code="2">fast</subfield><subfield code="0">(OCoLC)fst01253943</subfield></datafield><datafield ind1=" " ind2="7" tag="651"><subfield code="a">Arizona</subfield><subfield code="z">Safford.</subfield><subfield code="2">fast</subfield><subfield code="0">(OCoLC)fst01216944</subfield></datafield><datafield ind1=" " ind2=" " tag="752"><subfield code="a">United States</subfield><subfield code="b">Arizona</subfield><subfield code="c">Graham</subfield><subfield code="d">Pima.</subfield></datafield><datafield ind1="0" ind2="5" tag="780"><subfield code="t">Arizona bulletin (Solomonville, Ariz.)</subfield><subfield code="w">(DLC)sn 95060912</subfield></datafield><datafield ind1="1" ind2="7" tag="785"><subfield code="t">Graham guardian (Safford, Ariz. : 1895)</subfield><subfield code="x">2151-5476</subfield><subfield code="w">(DLC)sn 95060914</subfield><subfield code="w">(OCoLC)33900605</subfield></datafield><datafield ind1="1" ind2="7" tag="785"><subfield code="t">Graham County guardian and Gila Valley farmer (Safford, Ariz. : 1923)</subfield><subfield code="w">(DLC) sn95060915</subfield></datafield></record>